<collection xmlns="http://www.loc.gov/MARC21/slim">
<record>
  <leader>00672nam0a2200205 i 450 </leader>
  <controlfield tag="001">IT\ICCU\CNCE\008809</controlfield>
  <controlfield tag="005">19970101000000.0</controlfield>
  <datafield tag="012" ind1=" " ind2=" ">
    <subfield code="a">deio rara momo DoQu (C) 1536 (R)</subfield>
    <subfield code="2">fei</subfield>
  </datafield>
  <datafield tag="100" ind1=" " ind2=" ">
    <subfield code="a">19970101d1536        0itac0103    ba</subfield>
  </datafield>
  <datafield tag="101" ind1=" " ind2=" ">
    <subfield code="a">ITA</subfield>
  </datafield>
  <datafield tag="102" ind1=" " ind2=" ">
    <subfield code="a">IT</subfield>
  </datafield>
  <datafield tag="200" ind1="1" ind2=" ">
    <subfield code="a">Opera nuoua nomata Vero tempio de amore</subfield>
  </datafield>
  <datafield tag="210" ind1=" " ind2=" ">
    <subfield code="a">Allife</subfield>
    <subfield code="c">per Aloisio Acilio</subfield>
    <subfield code="d">1536</subfield>
  </datafield>
  <datafield tag="215" ind1=" " ind2=" ">
    <subfield code="a">\20! c.</subfield>
    <subfield code="d">8ʻ</subfield>
  </datafield>
  <datafield tag="620" ind1=" " ind2=" ">
    <subfield code="a">IT</subfield>
    <subfield code="d">Alife</subfield>
  </datafield>
  <datafield tag="700" ind1=" " ind2="1">
    <subfield code="a">Campanile,</subfield>
    <subfield code="b">Iacopo</subfield>
    <subfield code="3">IT\ICCU\CNCA\002467</subfield>
  </datafield>
  <datafield tag="712" ind1="0" ind2="0">
    <subfield code="a">Acilio, Luigi</subfield>
    <subfield code="3">IT\ICCU\CNCT\001285</subfield>
    <subfield code="4">650</subfield>
  </datafield>
  <datafield tag="790" ind1=" " ind2="0">
    <subfield code="a">Capanio Napolitano</subfield>
    <subfield code="3">IT\ICCU\CNCA\007849</subfield>
    <subfield code="z">Campanile, Iacopo</subfield>
  </datafield>
  <datafield tag="801" ind1=" " ind2="3">
    <subfield code="a">IT</subfield>
    <subfield code="b">ICCU</subfield>
    <subfield code="c">20201113</subfield>
  </datafield>
  <datafield tag="899" ind1=" " ind2=" ">
    <subfield code="a">Biblioteca statale. Lucca</subfield>
    <subfield code="1">LU0022</subfield>
    <subfield code="2">LUA BL</subfield>
  </datafield>
</record>
</collection>
